@String(PAMI = {IEEE Trans. Pattern Anal. Mach. Intell.})
@String(IJCV = {Int. J. Comput. Vis.})
@String(CVPR= {IEEE Conf. Comput. Vis. Pattern Recog.})
@String(ICCV= {Int. Conf. Comput. Vis.})
@String(ECCV= {Eur. Conf. Comput. Vis.})
@String(NIPS= {Adv. Neural Inform. Process. Syst.})
@String(ICPR = {Int. Conf. Pattern Recog.})
@String(BMVC= {Brit. Mach. Vis. Conf.})
@String(TOG= {ACM Trans. Graph.})
@String(TIP  = {IEEE Trans. Image Process.})
@String(TVCG  = {IEEE Trans. Vis. Comput. Graph.})
@String(TMM  = {IEEE Trans. Multimedia})
@String(ACMMM= {ACM Int. Conf. Multimedia})
@String(ICME = {Int. Conf. Multimedia and Expo})
@String(ICASSP=	{ICASSP})
@String(ICIP = {IEEE Int. Conf. Image Process.})
@String(ACCV  = {ACCV})
@String(ICLR = {Int. Conf. Learn. Represent.})
@String(IJCAI = {IJCAI})
@String(PR   = {Pattern Recognition})
@String(AAAI = {AAAI})
@String(CVPRW= {IEEE Conf. Comput. Vis. Pattern Recog. Worksh.})
@String(CSVT = {IEEE Trans. Circuit Syst. Video Technol.})

@String(SPL	= {IEEE Sign. Process. Letters})
@String(VR   = {Vis. Res.})
@String(JOV	 = {J. Vis.})
@String(TVC  = {The Vis. Comput.})
@String(JCST  = {J. Comput. Sci. Tech.})
@String(CGF  = {Comput. Graph. Forum})
@String(CVM = {Computational Visual Media})


@String(PAMI  = {IEEE TPAMI})
@String(IJCV  = {IJCV})
@String(CVPR  = {CVPR})
@String(ICCV  = {ICCV})
@String(ECCV  = {ECCV})
@String(NIPS  = {NeurIPS})
@String(ICPR  = {ICPR})
@String(BMVC  =	{BMVC})
@String(TOG   = {ACM TOG})
@String(TIP   = {IEEE TIP})
@String(TVCG  = {IEEE TVCG})
@String(TCSVT = {IEEE TCSVT})
@String(TMM   =	{IEEE TMM})
@String(ACMMM = {ACM MM})
@String(ICME  =	{ICME})
@String(ICASSP=	{ICASSP})
@String(ICIP  = {ICIP})
@String(ACCV  = {ACCV})
@String(ICLR  = {ICLR})
@String(IJCAI = {IJCAI})
@String(PR = {PR})
@String(AAAI = {AAAI})
@String(CVPRW= {CVPRW})
@String(CSVT = {IEEE TCSVT})


@inproceedings{koch2015siamese,
  title={Siamese neural networks for one-shot image recognition},
  author={Koch, Gregory and Zemel, Richard and Salakhutdinov, Ruslan and others},
  booktitle={ICML deep learning workshop},
  volume={2},
  year={2015},
  organization={Lille}
}


@misc{ronneberger2015unet,
      title={U-Net: Convolutional Networks for Biomedical Image Segmentation}, 
      author={Olaf Ronneberger and Philipp Fischer and Thomas Brox},
      year={2015},
      eprint={1505.04597},
      archivePrefix={arXiv},
      primaryClass={cs.CV}
}

@misc{he2015deep,
      title={Deep Residual Learning for Image Recognition}, 
      author={Kaiming He and Xiangyu Zhang and Shaoqing Ren and Jian Sun},
      year={2015},
      eprint={1512.03385},
      archivePrefix={arXiv},
      primaryClass={cs.CV}
}

@inproceedings{spacenet8,
  author={HÃ¤nsch, Ronny and Arndt, Jacob and Lunga, Dalton and Gibb, Matthew and Pedelose, Tyler and Boedihardjo, Arnold and Petrie, Desiree and Bacastow, Todd M.},
  booktitle={2022 IEEE/CVF Conference on Computer Vision and Pattern Recognition Workshops (CVPRW)}, 
  title={SpaceNet 8 - The Detection of Flooded Roads and Buildings}, 
  year={2022},
  volume={},
  number={},
  pages={1471-1479},
  doi={10.1109/CVPRW56347.2022.00153}}

@INPROCEEDINGS{8451652,
  author={Caye Daudt, Rodrigo and Le Saux, Bertr and Boulch, Alexandre},
  booktitle={2018 25th IEEE International Conference on Image Processing (ICIP)}, 
  title={Fully Convolutional Siamese Networks for Change Detection}, 
  year={2018},
  volume={},
  number={},
  pages={4063-4067},
  doi={10.1109/ICIP.2018.8451652}}

@misc{dosovitskiy2021image,
      title={An Image is Worth 16x16 Words: Transformers for Image Recognition at Scale}, 
      author={Alexey Dosovitskiy and Lucas Beyer and Alexander Kolesnikov and Dirk Weissenborn and Xiaohua Zhai and Thomas Unterthiner and Mostafa Dehghani and Matthias Minderer and Georg Heigold and Sylvain Gelly and Jakob Uszkoreit and Neil Houlsby},
      year={2021},
      eprint={2010.11929},
      archivePrefix={arXiv},
      primaryClass={cs.CV}
}

@misc{spacenet7,
  title = {SpaceNet 7 Multi-Temporal Urban Development Challenge},
  url = {https://spacenet.ai/sn7-challenge/},
  publisher = {SpaceNet},
  year = {2020}
}

@misc{spacenet7_solutions,
  author = {SpaceNetChallenge},
  title = {SpaceNet7\_Multi-Temporal\_Solutions},
  howpublished = {\url{https://github.com/SpaceNetChallenge/SpaceNet7_Multi-Temporal_Solutions}},
  year = {2020},
}

@misc{hrnet,
      title={Deep High-Resolution Representation Learning for Visual Recognition}, 
      author={Jingdong Wang and Ke Sun and Tianheng Cheng and Borui Jiang and Chaorui Deng and Yang Zhao and Dong Liu and Yadong Mu and Mingkui Tan and Xinggang Wang and Wenyu Liu and Bin Xiao},
      year={2020},
      eprint={1908.07919},
      archivePrefix={arXiv},
      primaryClass={cs.CV}
}

@misc{spacenet7_winning,
  author = {Van Etten, Adam},
  title = {SpaceNet 7 Results: Tis the Season},
  howpublished = {\url{https://medium.com/the-downlinq/spacenet-7-results-tis-the-season-fadc722fdff0}},
  year = {2020},
  month = {December},
}

@misc{spacenet8_baseline,
  author = {SpaceNetChallenge},
  title = {SpaceNet8},
  howpublished = {\url{https://github.com/SpaceNetChallenge/SpaceNet8}},
  year = {2022},
}

@misc{paperswithcode_segmentation,
  author = {Papers With Code},
  title = {Semantic Segmentation},
  howpublished = {\url{https://paperswithcode.com/task/semantic-segmentation}},
  year = {2021},
}

@misc{wang2023internimage,
      title={InternImage: Exploring Large-Scale Vision Foundation Models with Deformable Convolutions}, 
      author={Wenhai Wang and Jifeng Dai and Zhe Chen and Zhenhang Huang and Zhiqi Li and Xizhou Zhu and Xiaowei Hu and Tong Lu and Lewei Lu and Hongsheng Li and Xiaogang Wang and Yu Qiao},
      year={2023},
      eprint={2211.05778},
      archivePrefix={arXiv},
      primaryClass={cs.CV}
}

@misc{bao2022beit,
      title={BEiT: BERT Pre-Training of Image Transformers}, 
      author={Hangbo Bao and Li Dong and Songhao Piao and Furu Wei},
      year={2022},
      eprint={2106.08254},
      archivePrefix={arXiv},
      primaryClass={cs.CV}
}

@misc{liu2021swin,
      title={Swin Transformer: Hierarchical Vision Transformer using Shifted Windows}, 
      author={Ze Liu and Yutong Lin and Yue Cao and Han Hu and Yixuan Wei and Zheng Zhang and Stephen Lin and Baining Guo},
      year={2021},
      eprint={2103.14030},
      archivePrefix={arXiv},
      primaryClass={cs.CV}
}